@article{wang2016cost,
  title={Cost-effective active learning for deep image classification},
  author={Wang, Keze and Zhang, Dongyu and Li, Ya and Zhang, Ruimao and Lin, Liang},
  journal={ Transactions on Circuits and Systems for Video Technology},
  year={2016},
  publisher={IEEE}
}

@misc{facility,
  title={Facility location: concepts, models, algorithms and case studies.},
  author={Wolf, Gert W},
  year={2011},
  publisher={Taylor Francis}
}

@incollection{kcenterdist,
title = {Fast Distributed k-Center Clustering with Outliers on Massive Data},
author = {Malkomes, Gustavo and Kusner, Matt J and Chen, Wenlin and Weinberger, Kilian Q and Moseley, Benjamin},
booktitle = {NIPS},
year = {2015}
}


@article{vgg,
  title={Very deep convolutional networks for large-scale image recognition},
  author={Simonyan, Karen and Zisserman, Andrew},
  journal={ arXiv:1409.1556},
  year={2014}
}

@article{tensorflow,
  title={Tensorflow: Large-scale machine learning on heterogeneous distributed systems},
  author={Abadi, Martin and Agarwal, Ashish and Barham, Paul and Brevdo, Eugene and Chen, Zhifeng and Citro, Craig and Corrado, Greg S and Davis, Andy and Dean, Jeffrey and Devin, Matthieu and others},
  journal={ arXiv:1603.04467},
  year={2016}
}

@inproceedings{gan_original,
  title={Generative adversarial nets},
  author={Goodfellow, Ian and Pouget-Abadie, Jean and Mirza, Mehdi and Xu, Bing and Warde-Farley, David and Ozair, Sherjil and Courville, Aaron and Bengio, Yoshua},
  booktitle={NIPS},
  year={2014}
}

@article{dcgan,
  title={Unsupervised representation learning with deep convolutional generative adversarial networks},
  author={Radford, Alec and Metz, Luke and Chintala, Soumith},
  journal={ arXiv:1511.06434},
  year={2015}
}

@article{robust,
  title={Robustness and generalization},
  author={Xu, Huan and Mannor, Shie},
  journal={Machine learning},
  volume={86},
  number={3},
  pages={391--423},
  year={2012},
  publisher={Springer}
}

@article{maximal_loss,
  title={Minimizing the Maximal Loss: How and Why?},
  author={Shalev-Shwartz, Shai and Wexler, Yonatan},
  journal={ arXiv:1602.01690},
  year={2016}
}

@inproceedings{BerlindU15,
  title = {Active Nearest Neighbors in Changing Environments},
  author = {Berlind, C. and Urner, R.},
  booktitle = {ICML},
  year = {2015}
}

@article{settles2010active,
  title={Active learning literature survey},
  author={Settles, Burr},
  journal={University of Wisconsin, Madison},
  volume={52},
  number={55-66},
  pages={11},
  year={2010}
}

@inproceedings{wei2013using,
  title={Using Document Summarization Techniques for Speech Data Subset Selection.},
  author={Wei, Kai and Liu, Yuzong and Kirchhoff, Katrin and Bilmes, Jeff A},
  booktitle={HLT-NAACL}
  year={2013}
}

@article{tsang2005core,
  title={Core vector machines: Fast SVM training on very large data sets},
  author={Tsang, Ivor W and Kwok, James T and Cheung, Pak-Ming},
  journal={JMLR},
  volume={6},
  number={Apr},
  pages={363--392},
  year={2005}
}

@inproceedings{har2005smaller,
  title={Smaller coresets for k-median and k-means clustering},
  author={Har-Peled, Sariel and Kushal, Akash},
  booktitle={Annual Symposium on Computational geometry},
  year={2005},
  organization={ACM}
}

@article{guillory2010interactive,
  title={Interactive submodular set cover},
  author={Guillory, Andrew and Bilmes, Jeff},
  journal={ arXiv:1002.3345},
  year={2010}
}

@inproceedings{wei2015submodularity,
  title={Submodularity in Data Subset Selection and Active Learning.},
  author={Wei, Kai and Iyer, Rishabh K and Bilmes, Jeff A},
  booktitle={ICML},
  year={2015}
}

@article{golovin2011adaptive,
  title={Adaptive submodularity: Theory and applications in active learning and stochastic optimization},
  author={Golovin, Daniel and Krause, Andreas},
  journal={Journal of Artificial Intelligence Research},
  volume={42},
  pages={427--486},
  year={2011}
}

@article{lewissequential,
  title={A Sequential Algorithm for Training Text Classifiers: Corrigendum and},
  author={Lewis, David D},
  publisher={Citeseer}
}

@article{tong2001support,
  title={Support vector machine active learning with applications to text classification},
  author={Tong, Simon and Koller, Daphne},
  journal={JMLR},
  volume={2},
  number={Nov},
  pages={45--66},
  year={2001}
}

@article{freund1997selective,
  title={Selective sampling using the query by committee algorithm},
  author={Freund, Yoav and Seung, H Sebastian and Shamir, Eli and Tishby, Naftali},
  journal={Machine learning},
  volume={28},
  number={2-3},
  year={1997},
  publisher={Springer}
}

@inproceedings{mccallumzy1998employing,
  title={Employing EM and pool-based active learning for text classification},
  author={McCallumzy, Andrew Kachites and Nigamy, Kamal},
  booktitle={ICML},
  year={1998}
}

@inproceedings{joshi2009multi,
  title={Multi-class active learning for image classification},
  author={Joshi, Ajay J and Porikli, Fatih and Papanikolopoulos, Nikolaos},
  booktitle={CVPR},
  year={2009}
}

@inproceedings{elhamifar2013convex,
  title={A convex optimization framework for active learning},
  author={Elhamifar, Ehsan and Sapiro, Guillermo and Yang, Allen and Shankar Sasrty, S},
  booktitle={ICCV},
  year={2013}
}

@inproceedings{kapoor2007active,
  title={Active learning with gaussian processes for object categorization},
  author={Kapoor, Ashish and Grauman, Kristen and Urtasun, Raquel and Darrell, Trevor},
  booktitle={ICCV},
  year={2007}
}
%asd
@inproceedings{li2013adaptive,
  title={Adaptive active learning for image classification},
  author={Li, Xin and Guo, Yuhong},
  booktitle={CVPR},
  year={2013}
}

@article{wang2016parallel,
  title={Parallel bayesian global optimization of expensive functions},
  author={Wang, Jialei and Clark, Scott C and Liu, Eric and Frazier, Peter I},
  journal={ arXiv:1602.05149},
  year={2016}
}


@inproceedings{brinker2003incorporating,
  title={Incorporating diversity in active learning with support vector machines},
  author={Brinker, Klaus},
  booktitle={ICML},
  volume={3},
  pages={59--66},
  year={2003}
}

 @misc{gurobi,
   author = "Gurobi Optimization, Inc.",
   title = "Gurobi Optimizer Reference Manual",
   year = 2016,
   url = "http://www.gurobi.com"
 }
 
 @article{wellner,
  title={Wellner, Weak convergence and Empirical Processes},
  author={Van, AW and der--Vaart, JA},
  journal={Springer-Verlag},
  volume={23},
  pages={24},
  year={1996}
}

@book{cook,
  title={Combinatorial optimization},
  author={Cook, William J and Cunningham, William H and Pulleyblank, William R and Schrijver, Alexander},
  volume={605},
  year={1998},
  publisher={Springer}
}

 @inproceedings{dasgupta2004analysis,
  title={Analysis of a greedy active learning strategy.},
  author={Dasgupta, Sanjoy},
  booktitle={NIPS},
  year={2004}
}

 @article{mackay1992information,
  title={Information-based objective functions for active data selection},
  author={MacKay, David JC},
  journal={Neural computation},
  volume={4},
  number={4},
  pages={590--604},
  year={1992}
}

@article{roy2001toward,
  title={Toward optimal active learning through monte carlo estimation of error reduction},
  author={Roy, Nicholas and McCallum, Andrew},
  journal={ICML},
  year={2001}
}
@article{balcan2009agnostic,
  title={Agnostic active learning},
  author={Balcan, Maria-Florina and Beygelzimer, Alina and Langford, John},
  journal={Journal of Computer and System Sciences},
  volume={75},
  number={1},
  pages={78--89},
  year={2009}
}

 @inproceedings{huang2015efficient,
  title={Efficient and parsimonious agnostic active learning},
  author={Huang, Tzu-Kuo and Agarwal, Alekh and Hsu, Daniel J and Langford, John and Schapire, Robert E},
  booktitle={NIPS},
  year={2015}
}


@inproceedings{salimans2016improved,
  title={Improved techniques for training gans},
  author={Salimans, Tim and Goodfellow, Ian and Zaremba, Wojciech and Cheung, Vicki and Radford, Alec and Chen, Xi},
  booktitle={NIPS},
  year={2016}
}

@article{ali,
  title={Adversarially learned inference},
  author={Dumoulin, Vincent and Belghazi, Ishmael and Poole, Ben and Lamb, Alex and Arjovsky, Martin and Mastropietro, Olivier and Courville, Aaron},
  journal={ arXiv:1606.00704},
  year={2016}
}

@article{bigan,
  title={Adversarial feature learning},
  author={Donahue, Jeff and Kr{\"a}henb{\"u}hl, Philipp and Darrell, Trevor},
  journal={ arXiv:1605.09782},
  year={2016}
}

@inproceedings{ladder,
  title={Semi-supervised learning with ladder networks},
  author={Rasmus, Antti and Berglund, Mathias and Honkala, Mikko and Valpola, Harri and Raiko, Tapani},
  booktitle={NIPS},
  year={2015}
}


